% title = "Base de données européenne des rapports d'effets indésirables susceptibles d'être liés à l'utilisation de médicaments",
% url = "https://www.adrreports.eu/fr/"
@online{AdrReports,
author = "European Medicines Agency",
url = "https://www.adrreports.eu/fr/"
}

% title = "Covid-19 Vaccine Tracker",
@online{VaccineTracker,
author = "European Centre for Disease Prevention and Control",
url = "https://vaccinetracker.ecdc.europa.eu/public/extensions/COVID-19/vaccine-tracker.html"
}

% title = "VAERS COVID Vaccine Data",
@online{OpenVaers,
author = "OpenVaers",
url = "https://www.openvaers.com/covid-data"
}

% title = "US Coronavirus vaccine tracker",
@online{UsaFacts,
author = "USA Facts",
url = "https://usafacts.org/visualizations/covid-vaccine-tracker-states/"
}

% title = "Coronavirus (COVID-19) vaccine adverse reactions",
@online{YellowCardReport,
author = "Medicines and Healthcare products Regulatory Agency",
url = "https://www.gov.uk/government/publications/coronavirus-covid-19-vaccine-adverse-reactions"
}

@online{SouthAfrica:AEFI,
author = "Adverse Events Following Immunisation",
url = "https://aefi-reporting.sahpra.org.za/"
}

@online{Canada:CVAROD,
author = "Canada Vigilance Adverse Reaction Online Database",
url = "https://cvp-pcv.hc-sc.gc.ca/arq-rei/index-eng.jsp"
}

@online{Australia:DAEN,
author = "Australia Database of Adverse Event Notifications",
url = "https://apps.tga.gov.au/PROD/DAEN/daen-report.aspx"
}

% title = "Pass sanitaire et injection obligatoire",
% url = "https://www.legavox.fr/blog/maitre-de-araujo-recchia/pass-sanitaire-injection-obligatoire-31065.htm"
@online{AraujoRecchia:InjectionObligatoire,
author = "Maitre de Araujo-Recchia",
url = "https://www.legavox.fr/blog/maitre-de-araujo-recchia/pass-sanitaire-injection-obligatoire-31065.htm"
}

% title = "RAPPEL A LA LOI - PASS SANITAIRE",
@online{AraujoRecchia:PassSanitaire,
author = "Maitre de Araujo-Recchia",
url = "https://www.legavox.fr/blog/maitre-de-araujo-recchia/rappel-pass-sanitaire-31108.htm"
}

% title = "Lettre-type pour les salariés soumis à la pression du passe sanitaire par leur employeur",
@online{CourrierDesStrateges:PassSanitaire,
author = "Éric Verhaeghe",
url = "https://lecourrierdesstrateges.fr/2021/08/02/lettre-type-pour-les-salaries-soumis-a-la-pression-du-passe-sanitaire-par-leur-employeur/"
}

% title = "Les Prud’hommes, mode d’emploi: un jeu dont vous êtes le héros (surtout si vous êtes suspendu)",
@online{CourrierDesStrateges:PrudHommes,
author = "Éric Verhaeghe",
url = "https://lecourrierdesstrateges.fr/2021/08/21/les-prudhommes-mode-demploi-un-jeu-dont-vous-etes-le-heros-surtout-si-vous-etes-suspendu/"
}

% title = "06.08.2021 - GUIDE JURIDIQUE LOI PASS SANITAIRE",
@online{InfoVaccin:Guide,
author = "Ligue Nationale pour la Liberté des Vaccinations",
url = "https://www.infovaccin.fr/06-08-2021-guide-juridique.html"
}

% title = "Pass sanitaire: qui sont les deux avocats à l’origine de la suspension du sésame dans les centres commerciaux des Yvelines?",
@online{LeParisien:SuspensionPassSanitaire,
author = "Le Parisien, Jeanne Cassard",
url = "https://www.leparisien.fr/yvelines-78/pass-sanitaire-qui-sont-les-deux-avocats-a-lorigine-de-la-suspension-du-sesame-dans-les-centres-commerciaux-des-yvelines-25-08-2021-WFBDZB3NGJAQ3F42IG56I7STN4.php"
}

% title = "Requête CEDH contre le pass sanitaire",
@online{NoPass:CEDH,
author = "Guillaume Zambrano",
url = "https://nopass.fr/agir.php"
}

% title = "Déposez plainte contre Jean Castex et Olivier Véran !",
@online{DiVizio:PlaintesVeranCastex,
author = "Maitre Di Vizio",
url = "https://www.adspe.fr/plainte-contre-jean-castex-et-olivier-veran/"
}

% title = "",
@online{NikosAntoniadis:Recours,
author = "Nikos Antoniadis",
url = "https://nikosantoniadis.tv/2021/07/20/"
}

% title = "PFIZERLEAK: EXPOSING THE PFIZER MANUFACTURING AND SUPPLY AGREEMENT",
@online{EhdenBiber:Pfizerleak,
author = "Ehden Biber",
url = "https://senseofawareness.com/2021/07/29/"
}

@online{EhdenBiber:Files,
author = "Ehden Biber",
url = "https://t.me/eh_den_files"
}

% title = "Former Brazil Health Ministry official arrested in Senate",
% url = "https://news.yahoo.com/former-brazil-health-ministry-official-230458106.html"
@online{Bresil:Corruption:MinistreSante,
author = "Reuters",
url = "https://news.yahoo.com/former-brazil-health-ministry-official-230458106.html"
}

% title = "Another scandalous corruption case was exposed by the European Union Health Commissioner",
@online{Europe:Corruption:CommissionVaccin,
author = "Aygen Crawford",
url = "https://www.campuslately.com/another-scandalous-corruption-case-was-exposed-by-the-european-union-health-commissioner/"
}

% title = "Under-reporting of adverse drug reactions : a systematic review",
@online{Study:UnderReporting,
author = "Lorna Hazell, Saad A W Shakir",
url = "https://pubmed.ncbi.nlm.nih.gov/16689555/"
}

@online{LaTribune:JaponModerna,
author = "Jérôme Cristiani",
url = "https://www.latribune.fr/entreprises-finance/industrie/chimie-pharmacie/vaccin-moderna-l-agent-contaminant-serait-une-particule-metallique-891335.html"
}

@online{GoodJobFirst:Pfizer,
author = "Good Job First",
url = "https://violationtracker.goodjobsfirst.org/prog.php?parent=pfizer"
}

@online{GoodJobFirst:JohnsonJohnson,
author = "Good Job First",
url = "https://violationtracker.goodjobsfirst.org/prog.php?parent=johnson-and-johnson"
}

@online{GoodJobFirst:Astrazeneca,
author = "Good Job First",
url = "https://violationtracker.goodjobsfirst.org/prog.php?parent=astrazeneca"
}

@online{Justice:Astrazeneca2010,
author = "The United States - Department of Justice",
url = "http://www.justice.gov/opa/pr/2010/April/10-civ-487.html"
}

@online{Justice:Astrazeneca2016,
author = "U.S. Securities and Exchange Commission",
url = "https://www.sec.gov/litigation/admin/2016/34-78730-s.pdf"
}

@online{Justice:JohnsonJohnson2013,
author = "New York Time",
url = "http://www.nytimes.com/2013/11/20/business/johnson-johnson-to-offer-2-5-billion-hip-device-settlement.html"
}

@online{Justice:JohnsonJohnson2019,
author = "New York Time",
url = "https://www.nytimes.com/2019/08/26/health/oklahoma-opioids-johnson-and-johnson.html"
}

@online{Justice:JohnsonJohnson2019-2,
author = "State of Alaska - Department of Law",
url = "http://www.law.state.ak.us/press/releases/2019/101719-JohnsonJohnson.html"
}

@online{Justice:Pfizer2009,
author = "The United States - Department of Justice",
url = "https://www.justice.gov/opa/speech/associate-attorney-general-tom-perrelli-pfizer-settlement-press-conference"
}

@online{Justice:Pfizer2006,
author = "Washington Post",
url = "http://www.washingtonpost.com/wp-dyn/content/article/2006/05/06/AR2006050601338.html"
}

@online{Justice:Pfizer2013,
author = "The United States - Department of Justice",
url = "https://www.justice.gov/opa/pr/wyeth-pharmaceuticals-agrees-pay-4909-million-marketing-prescription-drug-rapamune-unapproved"
}

@online{Justice:Pfizer2016,
author = "The United States - Department of Justice",
url = "https://www.justice.gov/opa/pr/wyeth-and-pfizer-agree-pay-7846-million-resolve-lawsuit-alleging-wyeth-underpaid-drug-rebates"
}

@online{NewsWeek:JapanModerna,
author = "Natalie Colarossi",
url = "https://www.newsweek.com/japan-halts-26m-moderna-doses-officials-say-two-deaths-possibly-linked-vaccine-1624240"
}

@online{Reaction19:JuridiqueNommage,
author = "Maitre Carlo Alberto Brusa",
url = "https://rumble.com/vlq1iz-annonce-importante-de-reaction19-version-longue.html"
}

@online{ReinfoLiberte:PlainteX,
author = "Collectiff Reinfo Liberté",
url = "https://reinfoliberte.fr/2021/08/27/plainte-contre-x/"
}

@online{CourrierDuSoir:SuspensionPassIdf,
author = "Courrier du Soir",
url = "https://lecourrier-du-soir.com/coup-de-theatre-en-france-tous-les-prefets-dile-de-france-ont-recu-lordre-de-suspendre-le-pass-sanitaire/"
}

@online{SudOuest:SuspensionPassHautRhin,
author = "Sud Ouest",
url = "https://www.sudouest.fr/justice/haut-rhin-suspension-de-l-arrete-prefectoral-sur-le-pass-sanitaire-dans-les-centres-commerciaux-5623112.php"
}

@online{FranceSoir:MeProtatAudience,
author = "France Soir",
url = "https://www.francesoir.fr/politique-france/obligation-vaccinale-audience-me-diane-protat"
}

@online{FranceSoir:MeProtatDebrief,
author = "France Soir",
url = "https://www.francesoir.fr/videos-les-debriefings/debriefing-me-protat-plaidoirie"
}

@online{SyndicatLiberteSante:Naissance,
author = "Syndicat Liberté Santé",
url = "https://www.syndicat-liberte-sante.com/"
}

@online{ReinfoCovid:BoiteOutil,
author = "Collectif Reinfo Covid",
url = "https://reinfocovid.fr/article_juridique/boite-a-outils/"
}

@online{FloraHebridge:Conseil,
author = "Flora Hebridge",
url = "https://www.youtube.com/watch?v=_VVH_IxBum8"
}

@online{LeParisien:GougernementAppel,
author = "Le Parisien",
url = "https://www.leparisien.fr/societe/pass-sanitaires-suspendus-dans-les-centres-commerciaux-letat-va-faire-appel-29-08-2021-4YPBVJKWVJEA7GXVLMDIHVCJTU.php"
}